@book{jolliffe2002principal,
  title={Principal component analysis},
  author={Jolliffe, Ian},
  year={2002},
  publisher={Wiley Online Library}
}

@article{vailaya2001image,
  title={Image classification for content-based indexing},
  author={Vailaya, Aditya and Figueiredo, M{\'a}rio AT and Jain, Anil K and Zhang, Hong-Jiang},
  journal={Image Processing, IEEE Transactions on},
  volume={10},
  number={1},
  pages={117--130},
  year={2001},
  publisher={IEEE}
}

@inproceedings{coates2011analysis,
  title={An analysis of single-layer networks in unsupervised feature learning},
  author={Coates, Adam and Ng, Andrew Y and Lee, Honglak},
  booktitle={International Conference on Artificial Intelligence and Statistics},
  pages={215--223},
  year={2011}
}
